@techreport{An:95,
  author={M. Y. An},
  title={Log-concave Probability Distributions:  Theory and Statistical
  Testing},
  institution={Washington University at St. Louis},
  number={Economics Working Paper Archive at WUSTL},
  year={1995}
}

@book{Gol:17,
  title={Introduction to Property Testing},
  author={Goldreich, Oded},
  url={ http://www.wisdom.weizmann.ac.il/~oded/pt-intro.html},
  year={2017},
  publisher={Forthcoming},
  note = {Preliminary version accessible at~\url{http://www.wisdom.weizmann.ac.il/~oded/pt-intro.html} (accessed 02-23-2017)}
}

@misc{Pollard:15,
  author = {Pollard, David},
  title = {{MiniEmpirical}},
  howpublished = {\url{http://www.stat.yale.edu/~pollard/Books/Mini/}},
  year = 2015,
  note = {Manuscript (accessed 02-23-2017)}
}

@book{Boucheron:13,
  title={{Concentration Inequalities: A Nonasymptotic Theory of Independence}},
  author={Boucheron, S. and Lugosi, G. and Massart, P.},
  year={2013},
  publisher={OUP Oxford}
}
